@book{courant1941mathematics,
  title={What is mathematics?},
  author={Courant, Richard and Robbins, Herbert and others},
  year={1941},
  publisher={Oxford University Press}
}

@book{KoopmansToBeckmann,
  author={Tjalling C. Koopmans, Martin J. Beckmann},
  title={Assignment Problems and the Location of Economic Activities},
  year=1955,
  institution={Cowles Foundation for Research in Economics, Yale University},
  type={Cowles Foundation Discussion Papers},
  url={https://ideas.repec.org/p/cwl/cwldpp/4.html},
}