%% LaTeX2e file `main.bib'
%% generated by the `filecontents' environment
%% from source `main' on 2019/12/03.
%%
    @online{ford,
    author = {Ford, Rebecca},
    title  = {Earthquake: Twitter Users Learned of Tremors
              Seconds Before Feeling Them},
    date   = {2011-08},
    url    = {http://www.hollywoodreporter.com/news/earthquake-twitter-users-learned-tremors-226481}
    }
    
